<?xml version="1.0" encoding="UTF-8"?><collection xmlns="http://www.loc.gov/MARC21/slim"><record><leader>00526nam--2200193-i-4500</leader><controlfield tag="001">000036553</controlfield><controlfield tag="002">20161230</controlfield><controlfield tag="005">20161230201041</controlfield><controlfield tag="008">060222s1000------------r-----000-0-rum-d</controlfield><datafield ind1=" " ind2=" " tag="040"><subfield code="a">IFIN-HH</subfield></datafield><datafield ind1=" " ind2=" " tag="041"><subfield code="a">rum</subfield></datafield><datafield ind1=" " ind2=" " tag="080"><subfield code="a">531</subfield></datafield><datafield ind1="1" ind2=" " tag="100"><subfield code="a">Placinteanu, Ioan I</subfield></datafield><datafield ind1="1" ind2="0" tag="245"><subfield code="a">Mecanica vectoriala si analitica</subfield><subfield code="b">I: mecanica corpului cu masa variabila</subfield><subfield code="c">Ioan I. Placinteanu</subfield></datafield><datafield ind1=" " ind2=" " tag="250"><subfield code="a">Editia a II-a</subfield></datafield><datafield ind1=" " ind2=" " tag="260"><subfield code="a">Bucuresti, Ed.Tehnica, 1958</subfield></datafield><datafield ind1=" " ind2=" " tag="300"><subfield code="a">732P.+ ERATA</subfield></datafield><datafield ind1=" " ind2=" " tag="852"><subfield code="a">5243</subfield><subfield code="c">531</subfield></datafield><datafield ind1=" " ind2=" " tag="CAT"><subfield code="a">Sys</subfield><subfield code="c">20100528</subfield><subfield code="h">101420</subfield></datafield></record></collection>